%book03
@book{Ogata2009,
address = {NJ, USA},
author = {Ogata, Katsuhiko},
publisher = {Prentice Hall PTR Upper Saddle River},
title = {{Modern Control Engineering}},
year = {2009},
edition   = 5,
isbn = {0136156738}
}

%book03
@book{ogata2010,
  title={Modern Control Engineering},
  author={Ogata, K.},
  isbn={9780136156734},
  lccn={2010483801},
  series={Instrumentation and controls series},
  url={https://books.google.com.br/books?id=Wu5GpNAelzkC},
  year={2010},
  publisher={Prentice Hall}
}

%book04
@book{Dorf2010,
address = {NJ, USA},
author = {Dorf, Richard C.},
publisher = {Prentice Hall PTR Upper Saddle River},
title = {{Modern Control Systems}},
year = {2010},
edition   = 12,
isbn = {0136024580}
}