Anotações gerais sobre os arquivos .bib

%01 - COM PROBLEMA - REFERÊNCIA TÁ ERRADA  OK
%02 - COM PROBLEMA - REFERÊNCIA TÁ ERRADA  OK
%05 - COM PROBLEMA - REFERÊNCIA TÁ ERRADA  OK
%27 - COM PROBLEMA - REFERÊNCIA TÁ ERRADA
%33 - COM PROBLEMA - REFERÊNCIA TÁ ERRADA

%ATENÇÃO! VAI DAR CONFLITO ENTRE O 19 E O 28 - MESMOS AUTORES, MAS SÃO TRABALHOS DIFERENTES
%Mudar Referência para Gao2014
%Gao2014_Research_of_Stability => Gao2014Stability => ESTE É O 19
%Gao2014_Research_of_Precision => Gao2014Precision => ESTE É O 28


%-------- BIB OLD ----- Artigos citados desde o pré-projeto


%old01
@article{Boudjedir2012,
author = {Boudjedir, Hana},
doi = {10.5121/ijfcst.2012.2401},
file = {:home/marcos/.local/share/data/Mendeley Ltd./Mendeley Desktop/Downloaded/Boudjedir - 2012 - Adaptive Neural Network for a Quadrotor Unmanned Aerial Vehicle.pdf:pdf},
issn = {18397662},
journal = {International Journal in Foundations of Computer Science \& Technology},
number = {4},
pages = {1--13},
title = {{Adaptive Neural Network for a Quadrotor Unmanned Aerial Vehicle}},
volume = {2},
year = {2012},
}

%old02 url = {http://citeseerx.ist.psu.edu/viewdoc/summary?doi=10.1.1.98.6327},
@article{Adigbli2007,
abstract = {The present study addresses the issues concerning the developpment of a reliable assisted remote control for a four-rotor miniature aerial robot (known as quadrotor), guaranteeing the capability of a stable autonomous flight. The following results are proposed: after establishing a dynamical flight model as well as models for the rotors, gears and motors of the quadrotor, different nonlinear control laws are investigated for attitude and posi- tion control of the UAV. The stability and performance of feedback, backstepping and sliding mode controllers are compared in simulations. Finally, experiments on a newly implemented quadrotor prototype have been conducted in order to validate the theoretical analysis.},
author = {Adigbli, Patrick},
file = {:home/marcos/.local/share/data/Mendeley Ltd./Mendeley Desktop/Downloaded/Adigbli - 2007 - Nonlinear Attitude and Position Control of a Micro Quadrotor using Sliding Mode and Backstepping Techniques.pdf:pdf},
journal = {3rd US-European Competition and Workshop on Micro Air Vehicle Systems (MAV07) \& European Micro Air Vehicle Conference and Flight Competition (EMAV2007), 17-21 September 2007, Toulouse, France},
number = {September},
pages = {17--21},
title = {{Nonlinear Attitude and Position Control of a Micro Quadrotor using Sliding Mode and Backstepping Techniques}},
year = {2007},
urldate = {2010-09-30},
}

%old03
@article{Orsag2012,
author = {Orsag, Matko and Bogdan, Stjepan},
file = {:home/marcos/.local/share/data/Mendeley Ltd./Mendeley Desktop/Downloaded/Orsag, Bogdan - 2012 - Influence of Forward and Descent Flight on Quadrotor Dynamics.pdf:pdf},
isbn = {978-953-51-0150-5},
journal = {Recent Advances in Aircraft Technology},
pages = {141--156},
title = {{Influence of Forward and Descent Flight on Quadrotor Dynamics}},
year = {2012}
}

%old04
@article{Bouabdallah2004,
abstract = { Progresses in sensor technology, data processing and integrated actuators has made the development of miniature flying robots fully possible. Micro VTOL systems represent a useful class of flying robots because of their strong capabilities for small-area monitoring and building exploration. In this paper we describe the approach that our lab has taken to micro VTOL evolving towards full autonomy, and present the mechanical design, dynamic modelling, sensing, and control of our indoor VTOL autonomous robot OS4.},
author = {Bouabdallah, S and Murrieri, P and Siegwart, R},
doi = {10.1109/ROBOT.2004.1302409},
file = {:home/marcos/.local/share/data/Mendeley Ltd./Mendeley Desktop/Downloaded/Bouabdallah, Murrieri, Siegwart - 2004 - Design and control of an indoor micro quadrotor.pdf:pdf},
isbn = {0-7803-8232-3},
issn = {1050-4729},
journal = {IEEE International Conference on Robotics and Automation, 2004. Proceedings. ICRA '04. 2004},
title = {{Design and control of an indoor micro quadrotor}},
volume = {5},
year = {2004}
}



%---- BIB BOOKS -------- LIVROS USADOS COMO REFERÊNCIA

%book01
@book{Haykin1998,
address = {NJ, USA},
author = {Haykin, Simon},
isbn = {0132733501},
publisher = {Prentice Hall PTR Upper Saddle River},
title = {{Neural Networks: A Comprehensive Foundation}},
year = {1998}
}

%book02
@book{Kasabov1998,
abstract = {We are surprisingly flexible in processing information in the real world. The human brain, consisting of 1011 neurons, realizes intelligent information processing based on exact and commonsense reasoning. Scientists have been trying to implement human intelligence in computers in various ways. Artificial intelligence (AI) pursues exact logical reasoning based on symbol manipulation. Fuzzy engineering uses analog values to realize fuzzy but robust and efficient reasoning. They are macroscopic ways to realize human intelligence at the level of symbols and rules. Neural networks are a microscopic approach to the intelligence of the brain in which information is represented by excitation patterns of neurons. All of these approaches are partially successful in implementing human intelligence, but are still far from the real one. AI uses mathematically rigorous logical reasoning but is not flexible and is difficult to implement. Fuzzy systems provide convenient and flexible methods of reasoning at the sacrifice of depth and exactness. Neural networks use learning and self-organizing ability but are difficult for handling symbolic reasoning. The point is how to design computerized reasoning, taking account of these methods. This book solves this problem by combining the three techniques to minimize their weaknesses and enhance their strong points. The book begins with an excellent introduction to AI, fuzzy-, and neuroengineering. The author succeeds in explaining the fundamental ideas and practical methods of these techniques by using many familiar examples. The reason for his success is that the book takes a problem-driven approach by presenting problems to be solved and then showing ideas of how to solve them, rather than by following the traditional theorem-proof style. The book provides an understandable approach to knowledge-based systems for problem solving by combining different methods of AI, fuzzy systems, and neural networks.},
author = {Kasabov, Nikola K},
booktitle = {Marcel Alencar},
file = {:home/marcos/Documentos/TCC1/Documentos/Livros/ebook-fuzzy-kazabov.pdf:pdf},
isbn = {0262112124},
keywords = {ISBN: 0262112124},
title = {{Foundations of Neural Networks, Fuzzy Systems, and Knowledge Engineering}},
year = {1998}
}

%book03
@book{Ogata2010,
  title={Modern Control Engineering},
  author={Ogata, K.},
  isbn={978-0136156734},
  lccn={2010483801},
  series={Instrumentation and controls series},
  year={2010},
  edition   = 5,
  publisher={Prentice Hall}
}


%book04
@book{Dorf2011,
 author = {Dorf, Richard},
 title = {Modern control systems},
 publisher = {Pearson Prentice Hall},
 year = {2011},
 address = {Upper Saddle River, N.J},
 edition   = 12,
 isbn = {978-0136024583}
 }

%book05 - url={https://books.google.com.br/books?id=vN5QAAAAMAAJ},
@book{Jang1997,
  title={Neuro-fuzzy and Soft Computing: A Computational Approach to Learning and Machine Intelligence},
  author={Jang, J.S.R. and Sun, C.T. and Mizutani, E.},
  isbn={9780132610667},
  lccn={lc96029050},
  series={MATLAB curriculum series},
  year={1997},
  publisher={Prentice Hall}
}

%book06
%author = {Goodwin, Graham C. and },
@book{Goodwin2001,
  author = {Goodwin, Graham C. and Graebe, Stefan F. and Salgado, Mario E.  },
  title = {Control system design},
  publisher = {Prentice Hall},
  year = {2001},
  address = {Upper Saddle River, N.J},
  isbn = {978-0139586538}
}

%-------- BIB MastersThesis ----- TESES DE MESTRADO USADOA A PARTIR DA VERSÃO 04, QUE PASSOU A POSSUIR O CAPÍTULO DE SISTEMAS NÃO LINEARES

@MastersThesis{Balas2007,
  author  = {Balas, C},
  title   = {{Modeling and Linear Control of a Quadrotor}},
  school  = {Cranfield University},
  address = {Reino Unido},
  year    = {2007},
}



%-------- BIB ARTICLES ----- ARTIGOS USADOS A PARTIR DA REESTRUTURAÇÃO DO TEXTO, NA VERSÃO 03


%01
@INPROCEEDINGS{Omatu1994, 
author={Omatu, S. and Ide, T.}, 
booktitle={Neural Networks, 1994. IEEE World Congress on Computational Intelligence., 1994 IEEE International Conference on}, 
title={Stabilization of inverted pendulum by neuro-control}, 
year={1994}, 
month={Jun}, 
volume={4}, 
pages={2367-2372 vol.4}, 
keywords={control system analysis;fuzzy control;intelligent control;linear quadratic control;neurocontrollers;stability;fuzzy control;intelligent control;inverted pendulum;linear quadratic optimal control;neurocontrol;stabilization;Control systems;Friction;Fuzzy control;Gravity;Information science;Intelligent systems;Microcomputers;Optimal control;Position measurement;Switches}, 
doi={10.1109/ICNN.1994.374589},
}

%02
@INPROCEEDINGS{Kim2000,
author={Myung Gyu Kim and Han Ho Tack and Myung Gyu Kim}, 
booktitle={Knowledge-Based Intelligent Engineering Systems and Allied Technologies, 2000. Proceedings. Fourth International Conference on}, 
title={The stabilization control of nonlinear complex systems using adaptive fuzzy-neuro controller}, 
year={2000}, 
month={}, 
volume={1}, 
pages={414-417 vol.1}, 
keywords={adaptive control;fuzzy control;fuzzy neural nets;intelligent control;large-scale systems;neurocontrollers;nonlinear control systems;optimal control;optimisation;parameter estimation;stability;adaptive fuzzy neurocontroller;intelligent schemes;linguistic fuzzy implication rules;model accuracy;neural networks;nonlinear complex systems modelling;optimization theory;parameter identification;process input data;process output data;stabilization control;system structure;Adaptive control;Adaptive systems;Control systems;Fuzzy control;Fuzzy neural networks;Fuzzy systems;Neurocontrollers;Nonlinear control systems;Parameter estimation;Programmable control}, 
doi={10.1109/KES.2000.885844},}


%03
@INPROCEEDINGS{Alata2001, 
author={Alata, M. and Demirli, K.}, 
booktitle={IFSA World Congress and 20th NAFIPS International Conference, 2001. Joint 9th}, 
title={Fuzzy control and gain scheduling-case study: robust stabilization of an inverted pendulum}, 
year={2001}, 
month={July}, 
pages={3015-3020 vol.5}, 
keywords={fuzzy logic;gain control;inference mechanisms;neurocontrollers;nonlinear control systems;optimal control;pendulums;robust control;LQR;controller design;fuzzy gain schedule;fuzzy logic;fuzzy logic control;fuzzy-logic gain scheduling;inference system;interactive procedure;inverted pendulum;neural networks;nonlinear systems;optimal controller;quasi-linear dynamic models;Control systems;Fuzzy control;Fuzzy logic;Modems;Neural networks;Nonlinear control systems;Nonlinear dynamical systems;Nonlinear systems;Optimal control;Robust control}, 
doi={10.1109/NAFIPS.2001.943708},}

%04
@INPROCEEDINGS{Guo2003, 
author={Chen Guo and Simaan, M.A. and Zengqi Sun}, 
booktitle={Intelligent Control. 2003 IEEE International Symposium on}, 
title={Neuro-fuzzy intelligent controller for ship roll motion stabilization}, 
year={2003}, 
month={Oct}, 
pages={182-187}, 
keywords={fuzzy control;fuzzy systems;intelligent control;neurocontrollers;ships;stability;three-term control;ANFIS;PID controllers;adaptive network based fuzzy inference system;neurofuzzy intelligent controller;proportional-integral-derivative controllers;rough sea conditions;ship roll motion stabilization;ship stabilizing fin system}, 
doi={10.1109/ISIC.2003.1253935}, 
ISSN={2158-9860},}

%05
@INPROCEEDINGS{Jang2004, 
author={Jang, J.O. and Lee, P.G. and Chung, H.T. and Moon, Y.D. and Jeon, G.J.}, 
booktitle={Automation Congress, 2004. Proceedings. World}, 
title={Neuro-fuzzy controller for a XY positioning table}, 
year={2004}, 
month={June}, 
volume={17}, 
pages={483-488}, 
keywords={Control nonlinearities;Control systems;Damping;Error correction;Feeds;Friction;Nonlinear control systems;Nonlinear dynamical systems;Servomechanisms;Tracking loops;Neuro-fuzzy Network;Neuro-fuzzy controller;System Nonlinearities;Tracking error bound;XY positioning table},}

%06
@INPROCEEDINGS{Coza2006, 
author={Coza, C. and Macnab, C.J.B.}, 
booktitle={Fuzzy Information Processing Society, 2006. NAFIPS 2006. Annual meeting of the North American}, 
title={A New Robust Adaptive-Fuzzy Control Method Applied to Quadrotor Helicopter Stabilization}, 
year={2006}, 
month={June}, 
pages={454-458}, 
keywords={Lyapunov methods;adaptive control;aircraft control;fuzzy control;helicopters;robust control;Lyapunov-stability;fuzzy membership centers;quadrotor helicopter stabilization;robust adaptive-fuzzy control;robust stability;sinusoidal wind disturbance;Adaptive control;Fuzzy control;Helicopters;Military aircraft;Robust control;Robustness;Rotors;Sliding mode control;Unmanned aerial vehicles;Vehicle dynamics}, 
doi={10.1109/NAFIPS.2006.365452},
}

%07
@INPROCEEDINGS{Al-Younes2008, 
author={Al-Younes, Y. and Jarrah, M.A.}, 
booktitle={Mechatronics and Its Applications, 2008. ISMA 2008. 5th International Symposium on}, 
title={Attitude stabilization of quadrotor UAV using Backstepping Fuzzy Logic \& Backstepping Least-Mean-Square controllers}, 
year={2008}, 
month={May}, 
pages={1-11}, 
keywords={Lyapunov methods;attitude control;fuzzy control;least mean squares methods;mobile robots;nonlinear control systems;remotely operated vehicles;stability;attitude quadrotor UAV stabilization;backstepping fuzzy logic controller;backstepping least-mean-square controller;recursive Lyapunov function;unmanned air vehicle;Attitude control;Backstepping;Control systems;Control theory;Fuzzy logic;Intelligent vehicles;Mechatronics;Propellers;Stability;Unmanned aerial vehicles}, 
doi={10.1109/ISMA.2008.4648868},}

%08
@INPROCEEDINGS{Mehra2010, 
author={Mehra, N. and Ziabari, M.T. and Sadjadi, S.A. and Reza, M. and Sahab, A.R.}, 
booktitle={Intelligent Computing and Intelligent Systems (ICIS), 2010 IEEE International Conference on}, 
title={Generalization Backstepping Method based stabilization of parameters perturbation Chen chaos using Adaptive Neuro-Fuzzy Inference System}, 
year={2010}, 
month={Oct}, 
volume={2}, 
pages={818-822}, 
keywords={adaptive control;fuzzy control;neurocontrollers;nonlinear control systems;stability;Chen chaos;adaptive neuro-fuzzy inference system;generalization backstepping method;neuro fuzzy control method;nonlinear control systems;parameter perturbation stabilization;Chaos;Equations;Synchronization;ANFIS;Chen chaos;Generalized Backstepping Method;Lyapunov}, 
doi={10.1109/ICICISYS.2010.5658609},}

%09
@INPROCEEDINGS{Zamudio2011, 
author={Zamudio, Z. and Lozano, R. and Torres, J. and Rullan-Lara, J.L.}, 
booktitle={System Theory, Control, and Computing (ICSTCC), 2011 15th International Conference on}, 
title={Vision based stabilization of a quadrotor using nested saturation control approach}, 
year={2011}, 
month={Oct}, 
pages={1-6}, 
keywords={aircraft control;control system synthesis;image sequences;mobile robots;position control;real-time systems;robot vision;rotors;stability;Euler-Lagrange approach;image processing;nested saturation control approach;position estimation;real-time optical flow;robot vision-based control;vision based quadrotor stabilization;Cameras;Three dimensional displays;Quadrotor;control;real-time systems;vision systems},}

%10
@INPROCEEDINGS{Rabhi2011, 
author={Rabhi, A. and Chadli, M. and Pegard, C.}, 
booktitle={Advanced Robotics (ICAR), 2011 15th International Conference on}, 
title={Robust fuzzy control for stabilization of a quadrotor}, 
year={2011}, 
month={June}, 
pages={471-475}, 
keywords={aircraft control;control system synthesis;fuzzy control;helicopters;linear matrix inequalities;nonlinear control systems;robust control;LMI;T-S fuzzy model;Takagi-Sugeno fuzzy model;controller design;fuzzy controller;linear matrix inequalities;nonlinear model;quadrotor stability;quadrotor stabilization;robust fuzzy control;Fuzzy control;Mathematical model;Nonlinear systems;Robots;Robustness;Simulation;Stability analysis;Linear Matrix Inequalities (LMI);Quadrator;fuzzy control;nonlinear model}, 
doi={10.1109/ICAR.2011.6088629},}

%11
@INPROCEEDINGS{Olivares-Mendez2012, 
author={Olivares-Mendez, M.A. and Campoy, P. and Mellado-Bataller, I. and Mejias, L.}, 
booktitle={Fuzzy Systems (FUZZ-IEEE), 2012 IEEE International Conference on}, 
title={See-and-avoid quadcopter using fuzzy control optimized by cross-entropy}, 
year={2012}, 
month={June}, 
pages={1-7}, 
keywords={autonomous aerial vehicles;collision avoidance;entropy;fuzzy control;object detection;optimisation;robot vision;target tracking;Camshift algorithm;ROS-Gazebo 3D simulation;cross-entropy theory;flight trials;fuzzy control;image processing front-end;object detection;object tracking;obstacle avoidance;optimal gains estimation;optimization process;optimized fuzzy visual servoing system;see-and-avoid quadcopter;small quadrotor;unmanned aerial vehicle;Aircraft;Cameras;Image color analysis;Optimization;Probability density function;Robot sensing systems}, 
doi={10.1109/FUZZ-IEEE.2012.6251179}, 
ISSN={1098-7584},}

%12
@INPROCEEDINGS{Senkul2013, 
author={Senkul, F. and Altug, E.}, 
booktitle={Unmanned Aircraft Systems (ICUAS), 2013 International Conference on}, 
title={Modeling and control of a novel tilt - Roll rotor quadrotor UAV}, 
year={2013}, 
month={May}, 
pages={1071-1076}, 
keywords={acceleration control;aerospace propulsion;attitude control;autonomous aerial vehicles;cameras;control system synthesis;helicopters;mathematical analysis;motion control;robot vision;rotors;surveillance;MATLAB;acceleration;airframe tilting;civilian sector;mathematical model;military sector;motion direction;onboard camera direction;propulsion system;quadrotor aerial vehicle;quadrotor design;quadrotor platform;quadrotor system;scientific sector;surveillance;tilt-roll rotor quadrotor UAV;tiltable-rotor type quadrotor;tilting rotor;unmanned aerial vehicle;vision based task;Acceleration;Aircraft;Atmospheric modeling;Equations;Mathematical model;Rotors;Vehicles}, 
doi={10.1109/ICUAS.2013.6564796},}

%13
@INPROCEEDINGS{Sheikhpour2013, 
author={Sheikhpour, Soroush and Shouraki, Saeed Bagheri}, 
booktitle={Electrical Engineering (ICEE), 2013 21st Iranian Conference on}, 
title={A model-based fuzzy controller using the parallel distributed compensation method for quadrotor attitude stabilization}, 
year={2013}, 
month={May}, 
pages={1-6}, 
keywords={(LMI) Linear Matrix Inequality;(PDC) Parallel Distributed Compensation;Quadrotor}, 
doi={10.1109/IranianCEE.2013.6599799},}

%14
@INPROCEEDINGS{Maj2013, 
author={Maj, W.S. and Butkiewicz, B.}, 
booktitle={Signal Processing Symposium (SPS), 2013}, 
title={Flying n-copter with fuzzy logic control}, 
year={2013}, 
month={June}, 
pages={1-6}, 
keywords={aerospace control;fuzzy logic;helicopters;mobile robots;aircraft;electrical construction;flying n-copter;fuzzy logic control;helicopter;mechanical construction;quadcopter;radio waves;Engines;Flowcharts;Fuzzy logic;Gyroscopes;Rotors;Software;Vehicles;ACC;GYRO;pitch;quadcopter;roll;yaw}, 
doi={10.1109/SPS.2013.6623589},}

%15
@INPROCEEDINGS{Fatan2013, 
author={Fatan, M. and Sefidgari, B.L. and Barenji, A.V.}, 
booktitle={Methods and Models in Automation and Robotics (MMAR), 2013 18th International Conference on}, 
title={An adaptive neuro PID for controlling the altitude of quadcopter robot}, 
year={2013}, 
month={Aug}, 
pages={662-665}, 
keywords={adaptive control;attitude control;autonomous aerial vehicles;genetic algorithms;helicopters;neurocontrollers;adaptive neuro PID control;altitude control;artificial neural networks;controller performance;disturbance elimination;flying robots;genetic algorithm;primary coefficients;proportional-integral-derivative control;quadcopter robot;sinusoidal path;Control systems;Equations;Genetic algorithms;Mathematical model;Robots;Rotors;Tuning;adaptive neuro pid;altitude;controller;flying robot;genetic algorithm;quadcopter}, 
doi={10.1109/MMAR.2013.6669989},}

%16
@INPROCEEDINGS{JavidiNiroumand2013, 
author={Niroumand, F.J. and Fakharian, A. and Seyedsajadi, M.S.}, 
booktitle={Fuzzy Systems (IFSC), 2013 13th Iranian Conference on}, 
title={Fuzzy integral backstepping control approach in attitude stabilization of a quadrotor UAV}, 
year={2013}, 
month={Aug}, 
pages={1-6}, 
keywords={attitude control;autonomous aerial vehicles;fuzzy control;helicopters;mechanical stability;nonlinear dynamical systems;robot dynamics;robust control;IBS;attitude stabilization;control law;disturbance rejection;fuzzy control;fuzzy integral backstepping control approach;hovering;hybrid control method;intelligent control methods;linear control theory;linear systems;mixed controller;nonlinear dynamical system;quadrotor UAV;robust attitude control;rotational dynamics stabilisation;stabilization;unmanned aerial vehicle;vertical flight four-rotor helicopter;Attitude Control;Fuzzy logic Controller;Integral Backstepping;Nonlinear Control;Quadrotor}, 
doi={10.1109/IFSC.2013.6675609},}

%17
@INPROCEEDINGS{Yacef2013, 
author={Yacef, F. and Bouhali, O. and Hamerlain, M. and Rezoug, A.}, 
booktitle={Systems and Control (ICSC), 2013 3rd International Conference on}, 
title={PSO optimization of Integral Backstepping Controller for Quadrotor attitude stabilization}, 
year={2013}, 
month={Oct}, 
pages={462-466}, 
keywords={attitude control;autonomous aerial vehicles;helicopters;particle swarm optimisation;stability;IBC;PSO algorithm;PSO optimization;control system;integral backstepping controller;nonlinear constraints;numerical simulation;particle swarm optimization;quadrotor UAV model;quadrotor attitude stabilization problem;square error fitness function;step response;under-actuated quadrotor UAV system;Adaptation models;Adaptive control;Numerical models;Propellers;Robustness;Rotors;TV}, 
doi={10.1109/ICoSC.2013.6750900},}

%18
@INPROCEEDINGS{Boubertakh2013, 
author={Boubertakh, H. and Bencharef, S. and Labiod, S.}, 
booktitle={Systems and Control (ICSC), 2013 3rd International Conference on}, 
title={PSO-based PID control design for the stabilization of a quadrotor}, 
year={2013}, 
month={Oct}, 
pages={514-517}, 
keywords={PD control;autonomous aerial vehicles;control system synthesis;decentralised control;helicopters;multivariable control systems;particle swarm optimisation;stability;three-term control;PSO-based PID control design;SE cost function;decentralized PD controllers;decentralized PID controller design;particle swarm optimization method;quadrotor angle stabilization;quadrotor height stabilization;square error cost function;system performance;Cost function;Design methodology;PD control;Particle swarm optimization;Tuning;Vectors}, 
doi={10.1109/ICoSC.2013.6750908},}

%19
@INPROCEEDINGS{Gao2014Stability, 
author={Qingji Gao and Fengfa Yue and Dandan Hu}, 
booktitle={Control and Decision Conference (2014 CCDC), The 26th Chinese}, 
title={Research of stability augmentation hybrid controller for quadrotor UAV}, 
year={2014}, 
month={May}, 
pages={5224-5229}, 
keywords={adaptive control;attitude control;autonomous aerial vehicles;control system synthesis;fuzzy control;helicopters;stability;three-term control;trajectory control;attitude angle stabilization;backstepping;backstepping-based control algorithm;external disturbances;flight controller design;flight stability;fuzzy adaptive PID;hybrid control method;parametric uncertainties;quadrotor UAV dynamic model;quadrotor UAV flight;quadrotor aircraft;quadrotor unmanned aerial vehicle;stability augmentation hybrid controller;trajectory tracking;Adaptation models;Aerodynamics;Attitude control;Backstepping;Stability analysis;Trajectory;Backstepping;Fuzzy adaptive PID;Hybrid control;Quadrotor UAV;Stability augmentation control}, 
doi={10.1109/CCDC.2014.6853113},}

%20
@INPROCEEDINGS{Ariffanan2014, 
author={Basri, M.A.M. and Husain, A.R. and Danapalasingam, K.A.}, 
booktitle={Intelligent and Advanced Systems (ICIAS), 2014 5th International Conference on}, 
title={Fuzzy supervisory backstepping controller for stabilization of quadrotor unmanned aerial vehicle}, 
year={2014}, 
month={June}, 
pages={1-5}, 
keywords={Lyapunov methods;attitude control;autonomous aerial vehicles;fuzzy control;numerical analysis;robot dynamics;stability;DOF UAV;FSBC;Lyapunov theorem;altitude stabilization;attitude stabilization;degree of freedom;design techniques;dynamic model;fuzzy supervisory backstepping controller;numerical simulations;quadrotor unmanned aerial vehicle;Attitude control;Backstepping;Fuzzy logic;Mathematical model;PD control;Vehicle dynamics;Quadrotor UAV;backstepping control;fuzzy supervisory}, 
doi={10.1109/ICIAS.2014.6869532},}

%21
@INPROCEEDINGS{Shengjing2014, 
author={Liu Chao and Tang Shengjing and Yang Shengyi and Li Yanhui}, 
booktitle={Control Conference (CCC), 2014 33rd Chinese}, 
title={Generalized predictive control with dynamic compensation for quadrotor attitude stabilization}, 
year={2014}, 
month={July}, 
pages={7709-7714}, 
keywords={attitude control;compensation;control system synthesis;helicopters;observers;predictive control;robust control;ESO;GPC;controller design;dynamic compensation;extended state observer;generalized predictive control;quadrotor attitude stabilization;system robustness;Aerodynamics;Attitude control;Nonlinear dynamical systems;Observers;Predictive models;Rotors;Uncertainty;attitude;extended state observer;predictive control;quadrotor}, 
doi={10.1109/ChiCC.2014.6896285},}

%22
@INPROCEEDINGS{Rezazadeh2013, 
author={Rezazadeh, S. and Ardestani, M.A. and Sadeghi, P.S.}, 
booktitle={Control, Instrumentation, and Automation (ICCIA), 2013 3rd International Conference on}, 
title={Optimal attitude control of a quadrotor UAV using Adaptive Neuro-Fuzzy Inference System (ANFIS)}, 
year={2013}, 
month={Dec}, 
pages={219-223}, 
keywords={aircraft control;attitude control;autonomous aerial vehicles;fuzzy neural nets;genetic algorithms;helicopters;inference mechanisms;optimal control;ANFIS;adaptive neurofuzzy inference system;complex under-actuated rotorcraft system;nondominated sorting genetic algorithm-II;optimal attitude control;quadrotor UAV control;Adaptive systems;Attitude control;Conferences;Mathematical model;Optimization;PD control}, 
doi={10.1109/ICCIAutom.2013.6912838},}

%23
@INPROCEEDINGS{Mustapa2014, 
author={Mustapa, Z. and Saat, S. and Husin, S.H. and Abas, N.}, 
booktitle={Computer, Communications, and Control Technology (I4CT), 2014 International Conference on}, 
title={Altitude controller design for multi-copter UAV}, 
year={2014}, 
month={Sept}, 
pages={382-387}, 
keywords={aircraft control;autonomous aerial vehicles;control system analysis;control system synthesis;helicopters;multi-robot systems;nonlinear control systems;stability;three-term control;Matlab-Simulink;PCI-1711 data acquisition card;PID controller design;Real Time Windows Target approach;UAV automatic vertical take-off system;altitude controller design;altitude stability;control performance analysis;control performance test;hovering control;multicopter UAV;nonlinear characteristics;quadcopter flight system;quadcopter take-off;quadcopter unmanned aerial vehicle;Analytical models;Control systems;Force;Mathematical model;Propellers;Real-time systems;Software packages;Altitude Control;Helicopter Test;PID Controller;Quadcopter modelling;UAV Multi Rotor}, 
doi={10.1109/I4CT.2014.6914210},}

%24
@INPROCEEDINGS{Benavidez2014, 
author={Benavidez, P. and Lambert, J. and Jaimes, A. and Jamshidi, M.}, 
booktitle={World Automation Congress (WAC), 2014}, 
title={Landing of an Ardrone 2.0 quadcopter on a mobile base using fuzzy logic}, 
year={2014}, 
month={Aug}, 
pages={803-812}, 
keywords={autonomous aerial vehicles;fuzzy control;helicopters;image processing;inference mechanisms;mobile robots;spatial variables control;telerobotics;Mamdani-type inference;Parrot ArDrone 2.0 quadcopter;UAV;UGV;agile flight;altitude control;environmental image feedback;four rotored aerial vehicle;fuzzy control system;fuzzy logic controllers;image processing;landing control;mobile launching pad;unmanned aerial vehicle;unmanned ground vehicle;video feedback capabilities;Cameras;Fuzzy logic;Hardware;Three-dimensional displays;Quadrotor;ROS;UAV;UGV;cooperative robots;fuzzy logic;image processing}, 
doi={10.1109/WAC.2014.6936156},
}

%25
@INPROCEEDINGS{Khatoon2014, 
author={Khatoon, S. and Shahid, M. and Ibraheem and Chaudhary, H.}, 
booktitle={Advances in Computing, Communications and Informatics (ICACCI, 2014 International Conference on}, 
title={Dynamic modeling and stabilization of quadrotor using PID controller}, 
year={2014}, 
month={Sept}, 
pages={746-750}, 
keywords={control system synthesis;helicopters;mobile robots;robot dynamics;stability;telerobotics;three-term control;MATLAB/SIMULINK software platform;PID controller structure design;UAV;dynamic model;pitch stabilization;quadrotor system;quadrotor vehicle;roll stabilization;unmanned aerial vehicle;yaw angle stabilization;Atmospheric modeling;Equations;Jamming;MATLAB;Mathematical model;Propellers;Robots;Autonomous;Dynamic Modeling;Maneuverability;PID Controller;Quadrotor UAV;VTOL}, 
doi={10.1109/ICACCI.2014.6968383},}

%26
@INPROCEEDINGS{Pyrkin2014, 
author={Pyrkin, A.A. and Bobtsov, A.A. and Kolyubin, S.A. and Borisov, O.I. and Gromov, V.S.}, 
booktitle={Control and Automation (MED), 2014 22nd Mediterranean Conference of}, 
title={Output controller for quadcopters based on mathematical model decomposition}, 
year={2014}, 
month={June}, 
pages={1281-1286}, 
keywords={MIMO systems;actuators;adaptive control;aircraft control;compensation;control system synthesis;helicopters;nonlinear control systems;SISO channel;actuators;adaptive control approach;consecutive compensator;control law design;high-gain principle;linear equations;mathematical model decomposition;multicopter;nonlinear MIMO system;output controller design;quadcopters;static MIMO transformation;symmetrical rotor;virtual control;Adaptive control;Equations;MIMO;Mathematical model;Nonlinear systems;Rotors;Transient analysis;MIMO systems;Output control;nonlinear systems;robust control;time-delay systems}, 
doi={10.1109/MED.2014.6961552},}

%27
@INPROCEEDINGS{Razinkova2014, 
author={Razinkova, A. and Gaponov, I. and Hyun-Chan Cho}, 
booktitle={Control, Automation and Systems (ICCAS), 2014 14th International Conference on}, 
title={Adaptive control over quadcopter UAV under disturbances}, 
year={2014}, 
month={Oct}, 
pages={386-390}, 
keywords={adaptive control;autonomous aerial vehicles;control system synthesis;error compensation;helicopters;position control;adaptive compensation scheme;adaptive compensator;adaptive control;adaptive position tracking error compensation;computer simulations;quadcopter UAV;MATLAB;Mathematical model;Robot kinematics;Switches;Trajectory;Adaptive Control;Quadrotor}, 
doi={10.1109/ICCAS.2014.6988027}, 
ISSN={2093-7121},}

%28
@INPROCEEDINGS{Gao2014Precision, 
author={Qingji Gao and Fengfa Yue and Dandan Hu}, 
booktitle={Guidance, Navigation and Control Conference (CGNCC), 2014 IEEE Chinese}, 
title={Research of precision flight control for quadrotor UAV}, 
year={2014}, 
month={Aug}, 
pages={2369-2374}, 
keywords={PD control;adaptive control;attitude control;autonomous aerial vehicles;control nonlinearities;control system synthesis;fuzzy control;helicopters;position control;robust control;trajectory control;flight stability;fuzzy adaptive PD composite controller;hybrid control algorithm;hybrid controller design approach;inner stabilization loop;inner-loop attitude controller;nonlinear backstepping controller;outer-loop position controller;precision flight control;proportional-derivative controller;quadrotor UAV;quadrotor unmanned air vehicle;robust control;trajectory generation;Attitude control;Backstepping;Brushless DC motors;PD control;backstepping;flight control;fuzzy adaptive PID;fuzzy-PID composite control;quadrotor UAV}, 
doi={10.1109/CGNCC.2014.7007539},}

%29
@INPROCEEDINGS{Patel2014, 
author={Patel, K. and Barve, J.}, 
booktitle={Industrial and Information Systems (ICIIS), 2014 9th International Conference on}, 
title={Modeling, simulation and control study for the quad-copter UAV}, 
year={2014}, 
month={Dec}, 
pages={1-6}, 
keywords={PD control;aircraft control;attitude control;autonomous aerial vehicles;closed loop systems;control nonlinearities;helicopters;rotors (mechanical);three-term control;Euler-Lagrange method;IAE performance metrics;ISE performance metrics;Matlab-Simulink framework;PD control algorithm;PID control;altitude model validation;back-stepping control;centre-of-gravity;closed loop altitude control;closed loop attitude control;counter rotating rotors;cross-frame;model simulation framework;quadcopter UAV control;quadcopter UAV modeling;quadcopter UAV simulation;quadcopter attitude;quadcopter configuration;quadcopter helicopter;reference systems;six-degree-of-freedom system;unmanned aerial vehicles;variable air-density;Atmospheric modeling;Attitude control;Data models;Mathematical model;PD control;Rotors;Tuning;Modeling;Quad-copter;Quad-rotor;Simulation;UAV}, 
doi={10.1109/ICIINFS.2014.7036590},}

%30
@INPROCEEDINGS{Arai2014, 
author={Arai, J. and Hata, R. and Murase, K.}, 
booktitle={Soft Computing and Intelligent Systems (SCIS), 2014 Joint 7th International Conference on and Advanced Intelligent Systems (ISIS), 15th International Symposium on}, 
title={Stabilization control of an inverted pendulum by complex-valued neuro-fuzzy learning algorithm}, 
year={2014}, 
month={Dec}, 
pages={649-654}, 
keywords={fuzzy control;fuzzy neural nets;learning systems;neurocontrollers;nonlinear control systems;pendulums;stability;CVNF learning algorithm;automatic generation method;complex-valued neuro-fuzzy learning algorithm;fuzzy rules;inverted pendulum;stabilization control;Approximation algorithms;Educational institutions;Fuzzy logic;Gravity;Noise measurement;Training;Training data;Complex-valued neural networks;Fuzzy;Inverted pendulum;Neural networks;Neuro-fuzzy}, 
doi={10.1109/SCIS-ISIS.2014.7044664},}

%31
@INPROCEEDINGS{Huynh2014, 
author={Minh Quan Huynh and Weihua Zhao and Lihua Xie}, 
booktitle={Control Automation Robotics Vision (ICARCV), 2014 13th International Conference on}, 
title={L1 adaptive control for quadcopter: Design and implementation}, 
year={2014}, 
month={Dec}, 
pages={1496-1501}, 
keywords={adaptive control;aerospace simulation;aircraft control;autonomous aerial vehicles;helicopters;mobile robots;L1 adaptive control;flight tests;mass change;outdoor flight;quadcopter;tracking performance;unmanned aerial vehicles;wind disturbances;Acceleration;Adaptation models;Adaptive control;Equations;Estimation;Mathematical model;Upper bound;UAV;adaptive control;quadcopter}, 
doi={10.1109/ICARCV.2014.7064537},}

%32
@INPROCEEDINGS{Nemati2014, 
author={Nemati, A. and Kumar, M.}, 
booktitle={American Control Conference (ACC), 2014}, 
title={Modeling and control of a single axis tilting quadcopter}, 
year={2014}, 
month={June}, 
pages={3077-3082}, 
keywords={PD control;attitude control;control system synthesis;helicopters;position control;vehicle dynamics;PD controller design;actuated controls;flying modes;hovering modes;navigation capability;orientation control;over-actuated flying vehicle;position control;quadrotor aerial vehicle;rotor tilt-angle;single axis tilting quadcopter control;single axis tilting quadcopter modeling;tilting rotor quadcopter dynamic model;vehicle orientation angle;Equations;Mathematical model;Propellers;Rotors;Trajectory;Vehicle dynamics;Vehicles;Control applications;Flight control;Modeling and simulation}, 
doi={10.1109/ACC.2014.6859328}, 
ISSN={0743-1619},}

%33
Igual ao 06 -> Coza2006

%34
@article{Mahfouz2013,
author = {Mahfouz, M and Ashry, M and Elnashar, G},
keywords = {design;control;quad-rotor;helicopters;based;adaptive;neuro-fuzzy;inference;system},
number = {12},
pages = {479--485},
title = {{Design and Control of Quad-Rotor Helicopters Based on Adaptive Neuro-Fuzzy Inference System}}, 
volume = {2},
year = {2013},
ISSN={2278-0181}
}



