
%27 - COM PROBLEMA - REFERÊNCIA TÁ ERRADA
@article{Dynamics2014,
author = {Dynamics, Quadcopter},
file = {:home/marcos/Documentos/TCC1/Documentos/Artigos/pre-lidos/27- 06988027.pdf:pdf},
keywords = {adaptive control,quadrotor},
number = {Iccas},
title = {{Adaptive Control over Quadcopter UAV under Disturbances}},
year = {2014}
}



%21
@article{Shengjing2014,
author = {Shengjing, Tang and Shengyi, Yang and Yanhui, Li},
file = {:home/marcos/Documentos/TCC1/Documentos/Artigos/pre-lidos/21- 06896285.pdf:pdf},
keywords = {attitude,extended state observer,predictive control,quadrotor},
pages = {7709--7714},
title = {{Generalized Predictive Control with Dynamic Compensation for Quadrotor Attitude Stabilization}},
year = {2014}
}


%22
@article{Rezazadeh2013,
author = {Rezazadeh, Sina and Ardestani, Mahdi Alinaghizadeh and Sadeghi, Parichehr Shahidi},
file = {:home/marcos/Documentos/TCC1/Documentos/Artigos/pre-lidos/22- 06912838 - neuro-fuzzy UAV - PROMISSOR.pdf:pdf},
isbn = {9781479931170},
number = {Iccia},
title = {{Optimal Attitude Control of a Quadrotor UAV Using Adaptive Neuro-Fuzzy Inference System (ANFIS)}},
year = {2013}
}

%23
@article{Mustapa2014,
author = {Mustapa, Zaki and Saat, Shakir and Husin, S H and Abas, Norafizah and Teknikal, Universiti},
file = {:home/marcos/Documentos/TCC1/Documentos/Artigos/pre-lidos/23- 06914210.pdf:pdf},
isbn = {9781479945559},
keywords = {altitude,helicopter test,pid controller,quadcopter modelling,uav multi rotor},
number = {I4ct},
pages = {382--387},
title = {{Altitude Controller Design For Multi-Copter UAV}},
year = {2014}
}

%24
@article{Benavidez,
author = {Benavidez, Patrick and Lambert, Josue and Jaimes, Aldo and Jamshidi, Mo},
file = {:home/marcos/Documentos/TCC1/Documentos/Artigos/pre-lidos/24- 06936156 - Ardone2\_0.pdf:pdf},
keywords = {- quadrotor,cooperative robots,fuzzy,image processing,logic,ros,uav,ugv},
title = {{Landing of an Ardrone 2.0 Quadcopter on a Mobile Base using Fuzzy Logic}}
}


%25
@article{Khatoon2014,
author = {Khatoon, Shahida and Shahid, Mohammad and Chaudhary, Himanshu},
file = {:home/marcos/Documentos/TCC1/Documentos/Artigos/pre-lidos/25- 06968383 - pid  drone.pdf:pdf},
isbn = {9781479930807},
journal = {2014 International Conference, Advances in Computing, Communications and Informatics (ICACCI )},
keywords = {- quadrotor ua v,autonomous,dynamic,maneuverability,modeling,pid controller,vtol},
pages = {746--750},
title = {{Dynamic Modeling and Stabilization of Quadrotor Using PID Controller}},
year = {2014}
}

%26
@article{Pyrkin2014,
author = {Pyrkin, Anton and Bobtsov, Alexey and Kolyubin, Sergey and Borisov, Oleg and Gromov, Vladislav and Aranovskiy, Stanislav},
file = {:home/marcos/Documentos/TCC1/Documentos/Artigos/pre-lidos/26- 06981346.pdf:pdf},
isbn = {9781479974092},
keywords = {Aerospace applications,Robotics,Robust control,nonlinear systems,output control,robust control},
title = {{Output Controller for Quadcopters with Wind Disturbance Cancellation}},
year = {2014}
}

%28
%ATENÇÃO! VAI DAR CONFLITO COM O 19 - MESMOS AUTORES, MAS SÃO TRABALHOS DIFERENTES
%Mudar Referência para Gao2014
%Gao2014_Research_of_Precision => Gao2014RoPr => ESTE É O 28
%Gao2014_Research_of_Stability => Gao2014RoSt => ESTE É O 19

@article{Gao2014,
author = {Gao, Qingji and Yue, Fengfa and Hu, Dandan},
doi = {10.1109/CCDC.2014.6853113},
file = {:home/marcos/Documentos/TCC1/Documentos/Artigos/pre-lidos/19- 06853113 - fuzzy - hybrid - research.pdf:pdf},
isbn = {9781479937066},
journal = {26th Chinese Control and Decision Conference, CCDC 2014},
keywords = {Backstepping,Fuzzy adaptive PID,Hybrid control,Quadrotor UAV,Stability augmentation control},
pages = {5224--5229},
title = {{Research of stability augmentation hybrid controller for quadrotor UAV}},
year = {2014}
}

%29
@article{Patel,
author = {Patel, Keyur},
file = {:home/marcos/Documentos/TCC1/Documentos/Artigos/pre-lidos/29- 07036590.pdf:pdf},
keywords = {uav},
title = {{Modeling, Simulation and Control Study for The Quad-Copter UAV}}
}

%30
@article{Arai2014,
author = {Arai, Jin and Hata, Ryusuke and Murase, Kazuyuki},
file = {:home/marcos/Documentos/TCC1/Documentos/Artigos/pre-lidos/30- 07044664 - neuro-fuzzy - pendulum.pdf:pdf},
isbn = {9781479959556},
keywords = {2 is m 22,2 n,complex-,fuzzy,if x 1 is,inverted pendulum,m 21 and x,neural networks,neuro-fuzzy,rule 2,valued neural networks,x n is m},
number = {6},
pages = {649--654},
title = {{Stabilization Control of an Inverted Pendulum by Complex-valued Neuro-Fuzzy Learning Algorithm}},
year = {2014}
}