%31
@article{Huynh2014,
author = {Huynh, Minh Quan and Zhao, Weihua and Xie, Lihua},
file = {:home/marcos/Documentos/TCC1/Documentos/Artigos/pre-lidos/31- 07064537.pdf:pdf},
isbn = {9781479951994},
keywords = {about quadcopter,adaptive control,as well as the,base-,brief descriptions,in this section,line controller design,quadcopter,the dynamical equations,uav,we will provide some},
number = {December},
pages = {10--12},
title = {{L 1 Adaptive Control for Quadcopter: Design and Implementation}},
volume = {2014},
year = {2014}
}

%32
@article{Nemati2014,
author = {Nemati, a. and Kumar, M.},
doi = {10.1109/ACC.2014.6859328},
file = {:home/marcos/Documentos/TCC1/Documentos/Artigos/pre-lidos/32- modeling and control of a single axis tilting quadcopter.pdf:pdf},
isbn = {9781479932726},
issn = {07431619},
journal = {Proceedings of the American Control Conference},
keywords = {Control applications,Flight control,Modeling and simulation},
pages = {3077--3082},
title = {{Modeling and control of a single axis tilting quadcopter}},
year = {2014}
}

@article{Method,
author = {Method, Control and Stabilization, Helicopter},
file = {:home/marcos/.local/share/data/Mendeley Ltd./Mendeley Desktop/Downloaded/Method, Stabilization - Unknown - Applied Quadrotor.pdf:pdf},
pages = {475--479},
title = {{Applied Quadrotor}}
}

%34
@article{Mahfouz2013,
author = {Mahfouz, M and Ashry, M and Elnashar, G},
file = {:home/marcos/Documentos/TCC1/Documentos/Artigos/pre-lidos/34- V2I12-IJERTV2IS120278.pdf:pdf},
keywords = {"ijert"},
number = {12},
pages = {479--485},
title = {{Design and Control of Quad-Rotor Helicopters Based on Adaptive Neuro-Fuzzy Inference System}},
volume = {2},
year = {2013}
}